<record><leader>00000cas a22000007a 4500</leader><controlfield tag="001">1766800</controlfield><controlfield tag="008">751101d1uuu1919mnuwr ne      0    0eng d</controlfield><datafield ind1=" " ind2=" " tag="010"><subfield code="a">sn 90060893 </subfield></datafield><datafield ind1=" " ind2=" " tag="040"><subfield code="a">MUL</subfield><subfield code="b">eng</subfield><subfield code="c">MUL</subfield><subfield code="d">MN#</subfield><subfield code="d">OCL</subfield><subfield code="d">OCLCQ</subfield><subfield code="d">OCLCF</subfield><subfield code="d">OCLCO</subfield></datafield><datafield ind1=" " ind2=" " tag="019"><subfield code="a">1644086</subfield></datafield><datafield ind1=" " ind2=" " tag="042"><subfield code="a">msc</subfield></datafield><datafield ind1=" " ind2=" " tag="043"><subfield code="a">n-us-mn</subfield></datafield><datafield ind1=" " ind2=" " tag="052"><subfield code="a">4144</subfield><subfield code="b">S955</subfield><subfield code="b">G973</subfield></datafield><datafield ind1=" " ind2=" " tag="052"><subfield code="a">4143</subfield><subfield code="b">R3</subfield><subfield code="b">P6</subfield></datafield><datafield ind1="0" ind2=" " tag="130"><subfield code="a">Sunbeam (Gully, Minn.)</subfield></datafield><datafield ind1="0" ind2="4" tag="245"><subfield code="a">The sunbeam.</subfield></datafield><datafield ind1=" " ind2=" " tag="260"><subfield code="a">Gully, Polk County, Minn. :</subfield><subfield code="b">W.G. Hunt,</subfield><subfield code="c">1901-1919.</subfield></datafield><datafield ind1=" " ind2=" " tag="300"><subfield code="a">v.</subfield></datafield><datafield ind1=" " ind2=" " tag="310"><subfield code="a">Weekly</subfield></datafield><datafield ind1="0" ind2=" " tag="362"><subfield code="a">Vol. 1, no. 1 (Apr. 20, 1901)-v. 28, no. 44 (Jan. 17, 1919).</subfield></datafield><datafield ind1=" " ind2=" " tag="500"><subfield code="a">Published at Gully, Minn., Apr. 20, 1901-June 9, 1905; at Sunbeam, Minn., July 14, 1905-Jan. 17, 1919.</subfield></datafield><datafield ind1=" " ind2=" " tag="530"><subfield code="a">Available on microfilm from the Minnesota Historical Society.</subfield></datafield><datafield ind1=" " ind2="0" tag="651"><subfield code="a">Gully (Minn.)</subfield><subfield code="v">Newspapers.</subfield></datafield><datafield ind1=" " ind2="0" tag="651"><subfield code="a">Sunbeam (Minn.)</subfield><subfield code="v">Newspapers.</subfield></datafield><datafield ind1=" " ind2="7" tag="655"><subfield code="a">Newspapers.</subfield><subfield code="2">fast</subfield><subfield code="0">(OCoLC)fst01423814</subfield></datafield><datafield ind1=" " ind2="7" tag="651"><subfield code="a">Minnesota</subfield><subfield code="z">Gully.</subfield><subfield code="2">fast</subfield><subfield code="0">(OCoLC)fst01260696</subfield></datafield><datafield ind1=" " ind2="7" tag="651"><subfield code="a">Minnesota</subfield><subfield code="z">Sunbeam.</subfield><subfield code="2">fast</subfield><subfield code="0">(OCoLC)fst01257552</subfield></datafield><datafield ind1=" " ind2=" " tag="752"><subfield code="a">United States</subfield><subfield code="b">Minnesota</subfield><subfield code="c">Pennington</subfield><subfield code="d">Sunbeam.</subfield></datafield><datafield ind1=" " ind2=" " tag="752"><subfield code="a">United States</subfield><subfield code="b">Minnesota</subfield><subfield code="c">Red Lake</subfield><subfield code="d">Sunbeam.</subfield></datafield><datafield ind1=" " ind2=" " tag="752"><subfield code="a">United States</subfield><subfield code="b">Minnesota</subfield><subfield code="c">Polk</subfield><subfield code="d">Gully.</subfield></datafield><datafield ind1="0" ind2="4" tag="785"><subfield code="t">Thief River Falls tribune</subfield><subfield code="w">(OCoLC)1639801</subfield></datafield></record>